<record><leader>00000cas a22000007a 4500</leader><controlfield tag="001">12763612</controlfield><controlfield tag="008">851106d19371973wiuwr ne      0    0eng d</controlfield><datafield ind1=" " ind2=" " tag="010"><subfield code="a">sn 85041292 </subfield></datafield><datafield ind1=" " ind2=" " tag="040"><subfield code="a">NPV</subfield><subfield code="b">eng</subfield><subfield code="c">NPV</subfield><subfield code="d">OCLCQ</subfield></datafield><datafield ind1=" " ind2=" " tag="042"><subfield code="a">msc</subfield></datafield><datafield ind1=" " ind2=" " tag="045"><subfield code="a">x3x7</subfield></datafield><datafield ind1=" " ind2=" " tag="052"><subfield code="a">4123</subfield><subfield code="b">C5</subfield></datafield><datafield ind1="0" ind2="4" tag="245"><subfield code="a">The Dorchester clarion.</subfield></datafield><datafield ind1=" " ind2=" " tag="260"><subfield code="a">Dorchester, Wis. :</subfield><subfield code="b">W.H. Conrad,</subfield><subfield code="c">1937-1973.</subfield></datafield><datafield ind1=" " ind2=" " tag="300"><subfield code="a">v. :</subfield><subfield code="b">ill.</subfield></datafield><datafield ind1=" " ind2=" " tag="310"><subfield code="a">Weekly</subfield></datafield><datafield ind1="0" ind2=" " tag="362"><subfield code="a">Vol. 1, no. 1 (Nov. 30, 1937)-v. 36, no. 11 (Jan. 4, 1973).</subfield></datafield><datafield ind1=" " ind2=" " tag="500"><subfield code="a">Editors: B. Amacher, Nov. 30, 1937-March 14, 1939; B.D. Merriman, March 21, 1939-June 14, 1945; W.P. Lehnertz, June 21, 1945-Jan. 4, 1973.</subfield></datafield><datafield ind1=" " ind2=" " tag="530"><subfield code="a">Available on microfilm from The State Historical Society of Wisconsin.</subfield></datafield><datafield ind1=" " ind2=" " tag="752"><subfield code="a">United States</subfield><subfield code="b">Wisconsin</subfield><subfield code="c">Clark</subfield><subfield code="d">Dorchester.</subfield></datafield><datafield ind1="1" ind2=" " tag="029"><subfield code="a">AU@</subfield><subfield code="b">000025812632</subfield></datafield></record>